<?xml version="1.0" encoding="UTF-8"?><collection xmlns="http://www.loc.gov/MARC21/slim"><record><leader>00631nam--2200205-i-4500</leader><controlfield tag="001">000033639</controlfield><controlfield tag="002">20161230</controlfield><controlfield tag="005">20161230201039</controlfield><controlfield tag="008">060222s1000------------r-----000-0-eng-d</controlfield><datafield ind1=" " ind2=" " tag="040"><subfield code="a">IFIN-HH</subfield></datafield><datafield ind1=" " ind2=" " tag="080"><subfield code="a">519.2</subfield></datafield><datafield ind1="1" ind2=" " tag="100"><subfield code="a">Sage, Andrew P.; Melsa, James L</subfield></datafield><datafield ind1="1" ind2="0" tag="245"><subfield code="a">An introduction to probability and stochastic processes</subfield><subfield code="c">James L. Melsa; Andrew P. Sage</subfield></datafield><datafield ind1=" " ind2=" " tag="260"><subfield code="a">Englewood Cliffs, New Jersey, Prentice-hall, Inc., 1973</subfield></datafield><datafield ind1=" " ind2=" " tag="300"><subfield code="a">XI+403P</subfield></datafield><datafield ind1=" " ind2=" " tag="490"><subfield code="a">Information And System Sciences Series</subfield></datafield><datafield ind1=" " ind2=" " tag="650"><subfield code="a">Stochastic process</subfield></datafield><datafield ind1=" " ind2=" " tag="700"><subfield code="a">Sage, Andrew P</subfield></datafield><datafield ind1=" " ind2=" " tag="852"><subfield code="a">38340</subfield><subfield code="c">519.2</subfield></datafield><datafield ind1=" " ind2=" " tag="CAT"><subfield code="a">Sys</subfield><subfield code="c">20100527</subfield><subfield code="h">103945</subfield></datafield></record></collection>